@inproceedings{quigley2009ros,
  title={ROS: an open-source Robot Operating System},
  author={Quigley, Morgan and Conley, Ken and Gerkey, Brian and Faust, Josh and Foote, Tully and Leibs, Jeremy and Wheeler, Rob and Ng, Andrew Y},
  booktitle={ICRA workshop on open source software},
  volume={3},
  number={3.2},
  pages={5},
  year={2009},
  organization={Kobe, Japan}
}

@article{smith2005open,
  title={Open dynamics engine},
  author={Smith, Russell and others},
  year={2005}
}

@MISC{coumans2018,
author =   {Erwin Coumans and Yunfei Bai},
title =    {PyBullet, a Python module for physics simulation for games, robotics and machine learning},
howpublished = {\url{http://pybullet.org}},
year = {2016--2018}
}

@article{sherman2011simbody,
  title={Simbody: multibody dynamics for biomedical research},
  author={Sherman, Michael A and Seth, Ajay and Delp, Scott L},
  journal={Procedia Iutam},
  volume={2},
  pages={241--261},
  year={2011},
  publisher={Elsevier}
}

@article{lee2018dart,
  title={DART: Dynamic animation and robotics toolkit},
  author={Lee, Jeongseok and Grey, Michael X and Ha, Sehoon and Kunz, Tobias and Jain, Sumit and Ye, Yuting and Srinivasa, Siddhartha S and Stilman, Mike and Liu, C Karen},
  journal={The Journal of Open Source Software},
  volume={3},
  number={22},
  pages={500},
  year={2018}
}

@inproceedings{koenig2004design,
  title={Design and use paradigms for Gazebo, an open-source multi-robot simulator.},
  author={Koenig, Nathan P and Howard, Andrew},
  booktitle={IROS},
  volume={4},
  pages={2149--2154},
  year={2004},
  organization={Citeseer}
}

@inproceedings{mci/Kittmann2015,
author = {Kittmann, Ralf AND Fröhlich, Tim AND Schäfer, Johannes AND Reiser, Ulrich AND Weißhardt, Florian AND Haug, Andreas},
title = {Let me Introduce Myself: I am Care-O-bot 4, a Gentleman Robot},
booktitle = {Mensch und Computer 2015 – Proceedings},
year = {2015},
editor = {Diefenbach, Sarah AND Henze, Niels AND Pielot, Martin} ,
pages = { 223-232 },
publisher = {De Gruyter Oldenbourg},
address = {Berlin}
} 